<record><leader>00000cas a2200000 a 4500</leader><controlfield tag="001">12656053</controlfield><controlfield tag="008">851010d18581862ohudn ne      0    0eng  </controlfield><controlfield tag="009">466</controlfield><datafield ind1=" " ind2=" " tag="010"><subfield code="a">sn 85042573 </subfield></datafield><datafield ind1=" " ind2=" " tag="040"><subfield code="a">DLC</subfield><subfield code="b">eng</subfield><subfield code="c">DLC</subfield><subfield code="d">ONP</subfield><subfield code="d">NVF</subfield><subfield code="d">DLC</subfield><subfield code="d">OCLCQ</subfield><subfield code="d">DLC</subfield><subfield code="d">OCLCA</subfield><subfield code="d">OCLCF</subfield></datafield><datafield ind1="1" ind2=" " tag="029"><subfield code="a">AU@</subfield><subfield code="b">000022103301</subfield></datafield><datafield ind1=" " ind2=" " tag="042"><subfield code="a">msc</subfield></datafield><datafield ind1=" " ind2=" " tag="043"><subfield code="a">n-us-oh</subfield></datafield><datafield ind1="0" ind2=" " tag="130"><subfield code="a">Daily Dayton journal (Dayton, Ohio : 1858)</subfield></datafield><datafield ind1="1" ind2="0" tag="245"><subfield code="a">Daily Dayton journal.</subfield></datafield><datafield ind1=" " ind2=" " tag="260"><subfield code="a">Dayton, O. [Ohio] :</subfield><subfield code="b">W.F. Comly &amp; Co.,</subfield><subfield code="c">1858-1862.</subfield></datafield><datafield ind1=" " ind2=" " tag="300"><subfield code="a">5 v.</subfield></datafield><datafield ind1=" " ind2=" " tag="310"><subfield code="a">Daily (except Sunday)</subfield></datafield><datafield ind1="0" ind2=" " tag="362"><subfield code="a">Vol. 11, whole no. 2231 (Nov. 13, 1858)-v. 15, whole no. 10031 (Apr. 14, 1862).</subfield></datafield><datafield ind1=" " ind2="0" tag="651"><subfield code="a">Dayton (Ohio)</subfield><subfield code="v">Newspapers.</subfield></datafield><datafield ind1=" " ind2="7" tag="655"><subfield code="a">Newspapers.</subfield><subfield code="2">fast</subfield><subfield code="0">(OCoLC)fst01423814</subfield></datafield><datafield ind1=" " ind2="7" tag="651"><subfield code="a">Ohio</subfield><subfield code="z">Dayton.</subfield><subfield code="2">fast</subfield><subfield code="0">(OCoLC)fst01204702</subfield></datafield><datafield ind1=" " ind2=" " tag="752"><subfield code="a">United States</subfield><subfield code="b">Ohio</subfield><subfield code="c">Montgomery</subfield><subfield code="d">Dayton.</subfield></datafield><datafield ind1="0" ind2=" " tag="775"><subfield code="t">Weekly Dayton journal</subfield><subfield code="w">(DLC)sn 85042571</subfield></datafield><datafield ind1="0" ind2="0" tag="780"><subfield code="t">Dayton daily journal (Dayton, Ohio : 1857)</subfield><subfield code="w">(DLC)sn 85042572</subfield><subfield code="w">(OCoLC)12655998</subfield></datafield><datafield ind1="0" ind2="0" tag="785"><subfield code="t">Dayton daily journal (Dayton, Ohio : 1862)</subfield><subfield code="w">(DLC)sn 85025985</subfield><subfield code="w">(OCoLC)12004547</subfield></datafield></record>